Automatically generated by Mendeley Desktop 1.19.8
Any changes to this file will be lost if it is regenerated by Mendeley.

BibTeX export options can be customized via Options -> BibTeX in Mendeley Desktop

@article{IEEEexample:articledualmonths,
author = {Okada, Y and Dejima, K and Ohishi, T},
pages = {1047--1053},
title = {{Analysis and Comparison of {\{}PM{\}} Synchronous Motor and Induction Motor Type Magnetic Bearings}},
volume = {31},
year = {1995}
}
@incollection{IEEEexample:incollectionmanyauthors,
author = {Dawson, R M A and Shen, Z and Furst, D A and Connor, S and Hsu, J and Kane, M G and Stewart, R G and Ipri, A and King, C N and Green, P J and Flegal, R T and Pearson, S and Barrow, W A and Dickey, E and Ping, K and Tang, C W and Slyke, S Van. and Chen, F and Shi, J and Sturm, J C and Lu, M H},
booktitle = {{\{}SID{\}} Tech. Dig.},
pages = {11--14},
title = {{Design of an Improved Pixel for a Polysilicon Active-Matrix Organic {\{}LED{\}} Display}},
volume = {29},
year = {1998}
}
@electronic{IEEEexample:breakurl,
author = {Neto, Vilar Camara},
month = {aug},
title = {{The breakurl.sty Package}},
url = {http://www.ctan.org/tex-archive/macros/latex/contrib/breakurl/},
year = {2006}
}
@misc{IEEEexample:miscgermanreg,
howpublished = {{\{}M{\}}e{\ss}vorschrift {\{}R{\}}eg {\{}TP{\}} {\{}MV{\}} 05},
institution = {Regulierungsbeh{\"{o}}rde f{\"{u}}r {\{}T{\}}elekommunikation und {\{}P{\}}ost ({\{}R{\}}eg {\{}TP{\}})},
title = {{{\{}M{\}}essung von {\{}S{\}}t{\"{o}}rfeldern an {\{}A{\}}nlagen und {\{}L{\}}eitungen der {\{}T{\}}elekommunikation im {\{}F{\}}requenzbereich 9 {\{}kHz{\}} bis 3 {\{}GHz{\}}}}
}
@phdthesis{IEEEexample:phdurl,
address = {Newark},
author = {Li, Q},
month = {may},
school = {Univ. of Delaware},
title = {{Delay Characterization and Performance Control of Wide-area Networks}},
url = {http://www.ece.udel.edu/{~}qli},
year = {2000}
}
@mastersthesis{IEEEexample:masterstype,
address = {Bangalore, India},
author = {Karnik, A},
month = {jan},
school = {Indian Institute of Science},
title = {{Performance of {\{}TCP{\}} Congestion Control with Rate Feedback: {\{}TCP/ABR{\}} and Rate Adaptive {\{}TCP/IP{\}}}},
type = {M. Eng. thesis},
year = {1999}
}
@inproceedings{IEEEexample:confwithvolume,
address = {New York, NY},
author = {Yajnik, M and Moon, S B and Kurose, J and Towsley, D},
booktitle = {Proc. {\{}IEEE{\}} {\{}INFOCOM{\}}'99},
month = {mar},
pages = {345--352},
title = {{Measurement and Modeling of the Temporal Dependence in Packet Loss}},
volume = {1},
year = {1999}
}
@electronic{IEEEexample:babel,
author = {Braams, Johannes},
month = {nov},
title = {{The Babel Package}},
url = {http://www.ctan.org/tex-archive/macros/latex/required/babel/},
year = {2005}
}
@standard{IEEEexample:bluebookstandard,
address = {Newport Beach, CA},
howpublished = {ser. Blue Book, No. 4},
institution = {Consulative Committee for Space Data Systems (CCSDS)},
month = {may},
number = {101.0-B-4},
title = {{Telemetry Channel Coding}},
type = {Recommendation for Space Data System Standard},
url = {http://www.ccsds.org/documents/pdf/CCSDS-101.0-B-4.pdf},
year = {1999}
}
@electronic{IEEEexample:beebe_archive,
author = {Beebe, Nelson H F},
month = {aug},
title = {{{\{}{\{}$\backslash$TeX{\}}{\}} User Group Bibliography Archive}},
url = {http://www.math.utah.edu:8080/pub/tex/bib/index-table.html},
year = {2006}
}
@electronic{IEEEexample:electronhowinfo2,
author = {Valloppillil, V and Ross, K W},
howpublished = {Internet draft},
title = {{Cache Array Routing Protocol v1.1}},
url = {http://ds1.internic.net/internet-drafts/draft-vinod-carp-v1-03.txt},
year = {1998}
}
@electronic{IEEEexample:tamethebeast,
author = {Markey, Nicolas},
month = {oct},
title = {{Tame the BeaST --- The B to X of {\{}{\{}$\backslash$BibTeX{\}}{\}}}},
url = {http://tug.ctan.org/tex-archive/info/bibtex/tamethebeast/},
year = {2005}
}
@book{IEEEexample:bluebookbook,
address = {Newport Beach, {\{}CA{\}}},
author = {{Consulative Committee for Space Data Systems (CCSDS)}},
number = {4},
publisher = {CCSDS},
series = {Blue Book},
title = {{Telemetry Channel Coding}},
url = {http://www.ccsds.org/documents/pdf/CCSDS-101.0-B-4.pdf},
year = {1999}
}
@techreport{IEEEexample:techrep,
address = {MA},
author = {Jain, R and Ramakrishnan, K K and Chiu, D M},
institution = {Digital Equipment Corporation},
month = {aug},
number = {DEC-TR-506},
title = {{Congestion Avoidance in Computer Networks with a Connectionless Network Layer}},
year = {1987}
}
@manual{IEEEexample:softmanual,
address = {Beaverton, OR},
annote = {Release 4.3},
organization = {Analogy, Inc.},
title = {{SaberDesigner Reference Manual}},
year = {1998}
}
@misc{IEEEexample:miscforum,
author = {Roberts, L},
howpublished = {{\{}ATM{\}} Forum Contribution 94-0735R1},
month = {aug},
title = {{Enhanced Proportional Rate Control Algorithm {\{}PRCA{\}}}},
year = {1994}
}
@patent{IEEEexample:jppat,
author = {Hideki, U},
month = {may},
number = {152932/92},
title = {{Quadrature Modulation Circuit}},
year = {1992}
}
@inproceedings{IEEEexample:confwithpapertype,
author = {Mikkelsen, B and Raybon, G and Essiambre, R.-J. and Dreyer, K and Su., Y and Nelson, L E and Johnson, J E and Shtengel, G and Bond, A and Moodie, D G and Ellis, A D},
booktitle = {Proc. {\{}ECOC{\}}'99},
pages = {28--29},
title = {{160 {\{}Gbit/s{\}} Single-channel Transmission Over 300 km Nonzero-dispersion Fiber With Semiconductor Based Transmitter and Demultiplexer}},
type = {postdeadline paper},
year = {1999}
}
@mastersthesis{IEEEexample:masters,
address = {Cambridge},
author = {Loh, Nin C},
school = {Massachusetts Institute of Technology},
title = {{High-Resolution Micromachined Interferometric Accelerometer}},
year = {1992}
}
@misc{IEEEexample:datasheet,
address = {Mezzovico, Switzerland},
institution = {Opto Speed SA},
title = {{{\{}PDCA12-70{\}} Data Sheet}}
}
@article{IEEEexample:bluebookarticle,
author = {{Consulative Committee for Space Data Systems (CCSDS)}},
journal = {Blue Book},
number = {4},
title = {{Telemetry Channel Coding}},
url = {http://www.ccsds.org/documents/pdf/CCSDS-101.0-B-4.pdf},
year = {1999}
}
@manual{IEEEexample:motmanualhowpub,
howpublished = {MC68175/D},
organization = {Motorola},
title = {{{\{}FLEXChip{\}} Signal Processor}},
year = {1996}
}
@electronic{IEEEexample:bibtexuser,
author = {Patashnik, Oren},
howpublished = {btxdoc.pdf},
month = {feb},
title = {{{\{}{\{}$\backslash$BibTeX{\}}{\}}ing}},
url = {http://www.ctan.org/tex-archive/biblio/bibtex/contrib/doc/},
year = {1988}
}
@electronic{IEEEexample:biblatex,
author = {Lehman, Philipp},
month = {jan},
title = {{The biblatex package}},
url = {http://www.ctan.org/tex-archive/macros/latex/exptl/biblatex/},
year = {2007}
}
@article{IEEEexample:articlelargepages,
author = {Castaldini, A and Cavallini, A and Fraboni, B and Fernandez, P and Piqueras, J},
journal = {Phys. Rev. B.},
number = {23},
pages = {14897--14900},
title = {{Midgap Traps Related to Compensation Processes in {\{}CdTe{\}} Alloys}},
volume = {56},
year = {1997}
}
@book{IEEEexample:book_typical,
address = {Reading, MA},
author = {Cullity, B D},
publisher = {Addison-Wesley},
title = {{Introduction to Magnetic Materials}},
year = {1972}
}
@electronic{IEEEexample:bibtexguide,
author = {Kim, Ki-Joo},
howpublished = {bibtex$\backslash${\_}guide.pdf},
month = {apr},
title = {{A {\{}{\{}$\backslash$BibTeX{\}}{\}} Guide via Examples}},
url = {http://www.geocities.com/kijoo2000/},
year = {2004}
}
@incollection{IEEEexample:incollectionwithseries,
address = {New York},
author = {Anderson, J B and Tepe, K},
booktitle = {Codes, Systems and Graphical Models},
publisher = {Springer-Verlag},
series = {{\{}IMA{\}} Volumes in Mathematics and Its Applications},
title = {{Properties of the Tailbiting {\{}BCJR{\}} Decoder}},
year = {2000}
}
@inbook{IEEEexample:inbook,
address = {New York, NY},
author = {Rose, H E},
chapter = {3},
publisher = {Oxford Univ. Press},
title = {{A Course in Number Theory}},
year = {1988}
}
@electronic{IEEEexample:shellCTANpage,
author = {Shell, Michael},
title = {{{\{}IEEE{\}}tran Webpage on {\{}CTAN{\}}}},
url = {http://www.ctan.org/tex-archive/macros/latex/contrib/IEEEtran/},
year = {2007}
}
@misc{IEEEexample:private,
author = {Konyagin, S},
howpublished = {private communication},
title = {{No Title}},
year = {1998}
}
@inbook{IEEEexample:inbookpagesnote,
address = {Moscow},
annote = {(in Russian)},
author = {Bul, B K},
pages = {464},
publisher = {Energia Press},
title = {{Theory Principles and Design of Magnetic Circuits}},
year = {1964}
}
@electronic{ctan:natbib,
author = {Daly, Patrick W},
month = {sep},
title = {{The natbib.sty package}},
url = {http://www.ctan.org/tex-archive/macros/latex/contrib/natbib/},
year = {2006}
}
@book{IEEEexample:book,
address = {Berlin, Germany},
author = {Metev, S M and Veiko, V P},
edition = {Second},
editor = {{Osgood Jr.}, R M},
publisher = {Springer-Verlag},
title = {{Laser Assisted Microtechnology}},
year = {1998}
}
@electronic{IEEEexample:electronhowinfo,
author = {Jacobson, V},
howpublished = {end2end-interest mailing list},
month = {apr},
title = {{Modified {\{}TCP{\}} Congestion Avoidance Algorithm}},
url = {ftp://ftp.isi.edu/end2end/end2end-interest-1990.mail},
year = {1990}
}
@book{IEEEexample:bookwitheditor,
address = {New York},
editor = {Candy, J C and Temes, G C},
publisher = {{\{}IEEE{\}} Press.},
title = {{Oversampling Delta-Sigma Data Converters Theory, Design and Simulation}},
year = {1992}
}
@manual{IEEEexample:bluebookmanual,
address = {Newport Beach, CA},
howpublished = {ser. Blue Book, No. 4},
organization = {Consulative Committee for Space Data Systems (CCSDS)},
title = {{Telemetry Channel Coding}},
url = {http://www.ccsds.org/documents/pdf/CCSDS-101.0-B-4.pdf},
year = {1999}
}
@electronic{IEEEexample:texfaq,
author = {Fairbairns, Robin},
month = {jan},
title = {{The {\{}{\{}$\backslash$TeX{\}}{\}} {\{}FAQ{\}}}},
url = {http://www.tex.ac.uk/cgi-bin/texfaq2html/},
year = {2007}
}
@inproceedings{IEEEexample:confwithpaper,
author = {Wegmuller, M and von der Weid, J P and Oberson, P and Gisin, N},
booktitle = {Proc. {\{}ECOC{\}}'00},
pages = {109},
title = {{High Resolution Fiber Distributed Measurements With Coherent {\{}OFDR{\}}}},
year = {2000}
}
@patent{IEEEexample:frenchpatreq,
author = {Kowalik, F and Isard, M},
number = {9500261},
title = {{Estimateur d'un D{\'{e}}faut de Fonctionnement d'un Modulateur en Quadrature et {\'{E}}tage de Modulation l'Utilisant}},
type = {Patent Request}
}
@article{Iskandar,
author = {Iskandar, Siska},
journal = {International Conference on Informatics for Development},
title = {{No Title}}
}
@periodical{IEEEexample:periodical,
month = {aug},
title = {{, Special Issue on Wireless {\{}ATM{\}}}},
volume = {3},
year = {1996}
}
@incollection{IEEEexample:incollection_chpp,
address = {Amsterdam, The Netherlands},
author = {Hedelin, P and Knagenhjelm, P and Skoglund, M},
booktitle = {Speech Coding and Synthesis},
chapter = {10},
editor = {Kleijn, W B and Paliwal, K K},
pages = {347--396},
publisher = {Elsevier Science},
title = {{Theory for Transmission of Vector Quantization Data}},
year = {1995}
}
@article{IEEEexample:TBParticle,
author = {Kahale, N and Urbanke, R},
title = {{On the Minimum Distance of Parallel and Serially Concatenated Codes}}
}
@electronic{IEEEexample:softonline,
title = {{Ucb/lbnl/vint Network Simulator---ns (Version 2)}},
url = {http://www-mash.cs.berkeley.edu/ns/}
}
@inproceedings{IEEEexample:confwithadddays,
address = {Rio de Janeiro, Brazil},
author = {Yee, M S and Hanzo, L},
booktitle = {Proc. {\{}IEEE{\}} Globecom '99},
month = {dec},
pages = {2183--2187},
title = {{Radial Basis Function Decision Feedback Equaliser Assisted Burst-by-burst Adaptive Modulation}},
year = {1999}
}
@electronic{IEEEexample:bibtexdesign,
author = {Patashnik, Oren},
howpublished = {btxhak.pdf},
month = {feb},
title = {{Designing {\{}{\{}$\backslash$BibTeX{\}}{\}} Styles}},
url = {http://www.ctan.org/tex-archive/biblio/bibtex/contrib/doc/},
year = {1988}
}
@electronic{IEEEhowto:IEEEtranpage,
author = {Shell, Michael},
title = {{{\{}IEEE{\}}tran Homepage}},
url = {http://www.michaelshell.org/tex/ieeetran/},
year = {2007}
}
@inproceedings{IEEEexample:presentedatconf,
author = {Finn, S G and M{\'{e}}dard, M and Barry, R A},
booktitle = {Proc. Int. Conf. Commun.},
title = {{A Novel Approach to Automatic Protection Switching Using Trees}},
year = {1997}
}
@electronic{IEEEexample:IEEEwebsite,
title = {{The {\{}IEEE{\}} Website}},
url = {http://www.ieee.org/},
year = {2007}
}
@inproceedings{IEEEexample:conf_typical,
address = {Nagoya, Japan},
author = {Gupta, R K and Senturia, S D},
booktitle = {Proc. {\{}IEEE{\}} International Workshop on Microelectromechanical Systems ({\{}MEMS{\}}'97)},
month = {jan},
pages = {290--294},
title = {{Pull-in Time Dynamics as a Measure of Absolute Pressure}},
year = {1997}
}
@techreport{IEEEexample:techreptypeii,
author = {Middleton, D and Spaulding, A D},
institution = {National Telecommunications and Information Administration ({\{}NTIA{\}}), U.S. Dept. of Commerce},
month = {may},
number = {86-194},
title = {{A Tutorial Review of Elements of Weak Signal Detection in Non-{\{}G{\}}aussian {\{}EMI{\}} Environments}},
type = {NTIA Report},
year = {1986}
}
@misc{IEEEexample:miscrfc,
author = {Ramakrishnan, K K and Floyd, S},
howpublished = {RFC 2481},
month = {jan},
title = {{A Proposal to Add Explicit Congestion Notification ({\{}ECN{\}}) to {\{}IP{\}}}},
year = {1999}
}
@techreport{IEEEexample:techreptype,
address = {Amherst, MA},
author = {Padhye, J and Firoiu, V and Towsley, D},
institution = {Univ. of Massachusetts},
number = {99-02},
title = {{A Stochastic Model of {\{}TCP{\}} {\{}R{\}}eno Congestion Avoidance and Control}},
type = {CMPSCI Tech. Rep.},
year = {1999}
}
@ieeetranbstctl{IEEEexample:BSTcontrol,
title = {{No Title}}
}
@electronic{IEEEexample:hyperrefsty,
author = {Rahtz, Sebastian and Oberdiek, Heiko},
month = {nov},
title = {{The hyperref.sty Package}},
url = {http://www.ctan.org/tex-archive/macros/latex/contrib/hyperref/},
year = {2006}
}
@book{IEEEexample:bookwithseriesvolume,
address = {Berlin, Germany},
editor = {Breckling, J},
publisher = {Springer},
series = {Lecture Notes in Statistics},
title = {{The Analysis of Directional Time Series: Applications to Wind Speed and Direction}},
volume = {61},
year = {1989}
}
@patent{IEEEexample:uspat,
address = {Los Angeles, CA},
author = {Sorace, Ronald E and Reinhardt, Victor S and Vaughn, Steven A},
month = {sep},
number = {5668842},
title = {{High-Speed Digital-to-{\{}RF{\}} Converter}},
year = {1997}
}
@misc{IEEEexample:whitepaper,
howpublished = {White Paper},
institution = {Cisco},
month = {may},
title = {{Advanced {\{}QoS{\}} Services for the Intelligent Internet}},
year = {1997}
}
@article{IEEEexample:articleetal,
author = {Delorme, F and Others},
journal = {Electron. Lett.},
number = {15},
pages = {1244--1245},
title = {{Butt-jointed {\{}DBR{\}} Laser With 15 {\{}nm{\}} Tunability Grown in Three {\{}MOVPE{\}} Steps}},
volume = {31},
year = {1995}
}
@manual{IEEEexample:motmanual,
organization = {Motorola},
title = {{{\{}FLEXChip{\}} Signal Processor ({\{}MC68175/D{\}})}},
year = {1996}
}
@standard{IEEEexample:standard,
address = {Piscataway, NJ},
institution = {IEEE},
number = {802.11},
title = {{Wireless {\{}LAN{\}} Medium Access Control {\{}(MAC){\}} and Physical Layer {\{}(PHY){\}} Specification}},
year = {1997}
}
@article{IEEEexample:article_typical,
author = {Zhang, S and Zhu, C and Sin, J K O and Mok, P K T},
month = {nov},
pages = {569--571},
title = {{A Novel Ultrathin Elevated Channel Low-temperature Poly-{\{}Si{\}} {\{}TFT{\}}}},
volume = {20},
year = {1999}
}
@unpublished{IEEEexample:unpublished,
annote = {Unpublished},
author = {Ott, T J and Aggarwal, N},
title = {{{\{}TCP{\}} over {\{}ATM{\}}: {\{}ABR{\}} or {\{}UBR{\}}}}
}
@standard{IEEEexample:standardproposed,
address = {Washington, DC},
institution = {NCITS},
title = {{Fiber Channel Physical Interface ({\{}FC-PI{\}})}},
type = {Working Draft Proposed Standard},
year = {1999}
}
@electronic{IEEEexample:multibibsty,
author = {Hansen, Thorsten},
month = {jan},
title = {{The multibib.sty package}},
url = {http://www.ctan.org/tex-archive/macros/latex/contrib/multibib/},
year = {2004}
}
@electronic{IEEEexample:bibtexFAQ,
author = {Hoadley, David and Shell, Michael},
howpublished = {btxFAQ.pdf},
month = {jan},
title = {{{\{}{\{}$\backslash$BibTeX{\}}{\}} Tips and {\{}FAQ{\}}}},
url = {http://www.ctan.org/tex-archive/biblio/bibtex/contrib/doc/},
year = {2007}
}
@electronic{IEEEexample:electronorgadd,
address = {Haifa, Israel},
author = {Lorenz, D H and Orda, A},
institution = {Dept. Elect. Eng., Technion},
month = {jul},
title = {{Optimal Partition of {\{}QoS{\}} Requirements on Unicast Paths and Multicast Trees}},
url = {ftp://ftp.technion.ac.il/pub/supported/ee/Network/lor.mopq98.ps},
year = {1998}
}
@misc{IEEEexample:draftasmisc,
author = {Widjaja, I and Elwalid, A},
howpublished = {IETF Draft},
title = {{{\{}MATE{\}}: {\{}MPLS{\}} Adaptive Traffic Engineering}},
year = {1999}
}
@electronic{IEEEexample:urlsty,
author = {Arseneau, Donald},
month = {jun},
title = {{The url.sty Package}},
url = {http://www.ctan.org/tex-archive/macros/latex/contrib/misc/},
year = {2005}
}
@incollection{IEEEexample:incollection,
address = {Englewood Cliffs, NJ},
author = {Sorin, W V},
booktitle = {Fiber Optic Test and Measurement},
editor = {Derickson, D},
publisher = {Prentice-Hall},
title = {{Optical Reflectometry for Component Characterization}},
year = {1998}
}
@misc{IEEEexample:TBPmisc,
annote = {to be published},
author = {Coates, M and Hero, A and Nowak, R and Yu, B},
month = {may},
title = {{Internet Tomography}},
year = {2002}
}
